@inproceedings{cure2020,
  booktitle = {35th International Conference on ICT Systems Security and Privacy Protection ? IFIP SEC 2020},
  month = {September},
  title = {Privacy CURE: Consent Comprehension Made Easy},
  author = {Olha Drozd and Sabrina Kirrane},
  year = {2020},
  url = {https://epub.wu.ac.at/7546/},
  pages = {1-14}
}

@inproceedings{angulo_data_vis_tool_20,
  author = {Angulo, Julio and Fischer-H\"{u}bner, Simone and Pulls, Tobias and W\"{a}stlund, Erik},
  title = {Usable Transparency with the Data Track: A Tool for Visualizing Data Disclosures},
  url = {https://doi.org/10.1145/2702613.2732701},
  booktitle = {Proceedings of the 33rd Annual ACM Conference Extended Abstracts on Human Factors in Computing Systems},
  pages = {1803–1808},
  year = {2015}
}

@inbook{core_privacy_dashboard_2018,
  author = {Raschke, Philip and Küpper, Axel and Drozd, Olha and Kirrane, Sabrina},
  year = {2018},
  month = {06},
  pages = {221-236},
  title = {Designing a GDPR-Compliant and Usable Privacy Dashboard},
}

@inproceedings{Borgesisus_informed_consent_2015,
  booktitle = {35th International Conference on ICT Systems Security and Privacy Protection ? IFIP SEC 2020},
  month = {September},
  title = {Informed Consent: We Can Do Better to Defend Privacy},
  author = {F. Zuiderveen Borgesius},
  year = {2015},
  url = {https://epub.wu.ac.at/7546/},
  pages = {103-107}
}

@article{Borgesisus_informed_consent_2015,
  author = {F. Z. {Borgesius}},
  journal = {IEEE Security   Privacy},
  title = {Informed Consent: We Can Do Better to Defend Privacy},
  year = {2015},
  pages = {103-107},
  url = {https://ieeexplore.ieee.org/document/7085952}
}

@webpage{rdf4j,
	title   = {The Eclipse RDF4J Framework},
	url     = {https://rdf4j.org/about},
	urldate = {2020-12-26},
}

@webpage{d3,
	title   = {D3 Data-Driven Documents},
	url     = {https://d3js.org},
	urldate = {2020-12-26},
}
