% Encoding: UTF-8

@inproceedings{cure2020,
  booktitle = {35th International Conference on ICT Systems Security and Privacy Protection ? IFIP SEC 2020},
  month = {September},
  title = {Privacy CURE: Consent Comprehension Made Easy},
  author = {Olha Drozd and Sabrina Kirrane},
  year = {2020},
  url = {https://epub.wu.ac.at/7546/},
  pages = {1-14}
}

@inproceedings{angulo_data_vis_tool_20,
  author = {Angulo, Julio and Fischer-H\"{u}bner, Simone and Pulls, Tobias and W\"{a}stlund, Erik},
  title = {Usable Transparency with the Data Track: A Tool for Visualizing Data Disclosures},
  url = {https://doi.org/10.1145/2702613.2732701},
  booktitle = {Proceedings of the 33rd Annual ACM Conference Extended Abstracts on Human Factors in Computing Systems},
  pages = {1803–1808},
  year = {2015}
}

@inbook{core_privacy_dashboard_2018,
  author = {Raschke, Philip and Küpper, Axel and Drozd, Olha and Kirrane, Sabrina},
  year = {2018},
  month = {06},
  pages = {221-236},
  title = {Designing a GDPR-Compliant and Usable Privacy Dashboard},
}

@inproceedings{Borgesisus_informed_consent_2015,
  booktitle = {35th International Conference on ICT Systems Security and Privacy Protection ? IFIP SEC 2020},
  month = {September},
  title = {Informed Consent: We Can Do Better to Defend Privacy},
  author = {F. Zuiderveen Borgesius},
  year = {2015},
  url = {https://epub.wu.ac.at/7546/},
  pages = {103-107}
}

@webpage{rdf4j,
	title   = {The Eclipse RDF4J Framework},
	url     = {https://rdf4j.org/about},
	urldate = {2020-12-26},
}

@webpage{GDPR,
    title   = {General Data Protection Regulation (GDPR)},
    url     = {https://gdpr.eu/tag/gdpr/},
    urldate = {2020-02-18},
}

@webpage{campaneo,
    title   = {CampaNeo Project},
    url     = {https://projekte.ffg.at/projekt/3314668},
    urldate = {2020-02-18},
}

@webpage{graphdb,
  title   = {GraphDB},
  url     = {https://www.ontotext.com/products/graphdb/},
  urldate = {2020-12-29},
}

@webpage{d3,
	title   = {D3 Data-Driven Documents},
	url     = {https://d3js.org},
	urldate = {2020-12-26},
}

@article{Utz_2019,
   title={(Un)informed Consent},
   ISBN={9781450367479},
   url={http://dx.doi.org/10.1145/3319535.3354212},
   DOI={10.1145/3319535.3354212},
   journal={Proceedings of the 2019 ACM SIGSAC Conference on Computer and Communications Security},
   publisher={ACM},
   author={Utz, Christine and Degeling, Martin and Fahl, Sascha and Schaub, Florian and Holz, Thorsten},
   year={2019},
   month={Nov}
}

@article{Bechmann2014,
    author = {Anja Bechmann},
    title = {Non-Informed Consent Cultures: Privacy Policies and App Contracts on Facebook},
    journal = {Journal of Media Business Studies},
    pages = {21-38},
    year  = {2014},
    URL = {https://doi.org/10.1080/16522354.2014.11073574}
}

@online{wiki:principles_of_grouping,
  author  = "{Wikipedia contributors}",
  title   = "Principles of grouping",
  year    = "2020",
  url     = "https://en.wikipedia.org/w/index.php?title=Principles_of_grouping&oldid=996276406",
  urldate = "2020-12-29"
}

@book{thinkAloud,
author = {Someren, Maarten and Barnard, Yvonne and Sandberg, Jacobijn},
year = {1994},
month = {01},
pages = {},
title = {The Think Aloud Method - A Practical Guide to Modelling CognitiveProcesses}
}

@article{isaviz,
author = {Pietriga, Emmanuel},
year = {2002},
month = {01},
pages = {},
title = {IsaViz, a Visual Environment for Browsing and Authoring RDF Models}
}

@article{goyal2004rdfgravity,
  title={Rdf gravity (rdf graph visualization tool)},
  author={Goyal, Sunil and Westenthaler, Rupert},
  journal={Salzburg Research, Austria},
  year={2004}
}

@inproceedings{rdfFisheye,
author = {Zhang, Kang and Wang, Haofen and Tran, Duc and Yu, Yong},
year = {2010},
month = {01},
pages = {1329-1332},
title = {ZoomRDF: semantic fisheye zooming on RDF data},
journal = {Proceedings of the 19th International Conference on World Wide Web, WWW '10},
}

@article{tabulator-berners-lee-2006,
author = {Berners-Lee, Tim and Chen, Yuhsin and Chilton, Lydia and Connolly, Dan and Dhanaraj, Ruth and Hollenbach, James and Lerer, Adam and Sheets, David},
year = {2006},
month = {01},
pages = {},
title = {Tabulator: Exploring and Analyzing linked data on the Semantic Web}
}

@inproceedings{lodwheel,
author = {Stuhr, Magnus and Roman, Dumitru and Norheim, David},
year = {2011},
month = {01},
pages = {},
title = {LODWheel - JavaScript-based Visualization of RDF Data}
}

@inproceedings{rader2014,
author = {Rader, Emilee},
title = {Awareness of Behavioral Tracking and Information Privacy Concern in Facebook and Google},
year = {2014},
isbn = {9781931971133},
publisher = {USENIX Association},
booktitle = {Proceedings of the Tenth USENIX Conference on Usable Privacy and Security},
pages = {51–67},
numpages = {17},
series = {SOUPS '14}
}